<?xml version='1.0' encoding='UTF-8'?>
<record xmlns="http://www.loc.gov/MARC21/slim">
  <leader>00898cam a2200253 a 4500</leader>
  <controlfield tag="001">1301070</controlfield>
  <controlfield tag="003">NjP</controlfield>
  <controlfield tag="005">20130715131416.0</controlfield>
  <controlfield tag="008">910702s1950    iq            000 0 arard</controlfield>
  <datafield tag="024" ind1="7" ind2=" ">
    <subfield code="a">princeton_aco003214</subfield>
    <subfield code="2">local</subfield>
  </datafield>
  <datafield ind1=" " ind2=" " tag="035">
    <subfield code="a">(OCoLC)ocm24020098</subfield>
  </datafield>
  <datafield ind1=" " ind2=" " tag="035">
    <subfield code="9">CDU3893TS</subfield>
  </datafield>
  <datafield ind1=" " ind2=" " tag="040">
    <subfield code="a">MNU</subfield>
    <subfield code="c">MNU</subfield>
    <subfield code="d">PUL</subfield>
  </datafield>
  <datafield ind1="2" ind2=" " tag="100">
    <subfield code="a">Ḥimyārī al-Qummī, ʻAbd Allāh ibn Jaʻfar,</subfield>
    <subfield code="d">fl. 902.</subfield>
  </datafield>
  <datafield ind1="1" ind2="0" tag="245">
    <subfield code="a">Qurb al-isnād /</subfield>
    <subfield code="c">taʼlīf Abī al-ʻAbbās ʻAbd Allāh ibn Jaʻfar al-Ḥimyārī ...</subfield>
  </datafield>
  <datafield ind1=" " ind2=" " tag="250">
    <subfield code="a">al-Ṭabʻah 1.</subfield>
  </datafield>
  <datafield ind1=" " ind2=" " tag="260">
    <subfield code="a">al-Najaf :</subfield>
    <subfield code="b">al-Maṭbaʻah al-Ḥaydarīyah,</subfield>
    <subfield code="c">1950.</subfield>
  </datafield>
  <datafield ind1=" " ind2=" " tag="300">
    <subfield code="a">33, 234 p. ;</subfield>
    <subfield code="c">22 cm.</subfield>
  </datafield>
  <datafield ind1=" " ind2=" " tag="590">
    <subfield code="a">In Arabic.</subfield>
  </datafield>
  <datafield ind1=" " ind2=" " tag="590">
    <subfield code="a">Photocopy.</subfield>
  </datafield>
  <datafield ind1="0" ind2="0" tag="600">
    <subfield code="a">Jaʻfar al-Ṣādiq,</subfield>
    <subfield code="d">702?-765 or 766</subfield>
    <subfield code="x">Hadith.</subfield>
  </datafield>
  <datafield ind1="0" ind2="0" tag="600">
    <subfield code="a">Mūsá al-Kāẓim ibn Jaʻfar,</subfield>
    <subfield code="d">745?-799</subfield>
    <subfield code="x">Hadith.</subfield>
  </datafield>
  <datafield ind1=" " ind2="0" tag="650">
    <subfield code="a">Hadith (Shiites)</subfield>
  </datafield>
  <datafield ind1=" " ind2=" " tag="947">
    <subfield code="a">CDU3893</subfield>
  </datafield>
  <datafield ind1=" " ind2=" " tag="911">
    <subfield code="a">20000130</subfield>
  </datafield>
  <datafield ind1="0" ind2="0" tag="852">
    <subfield code="0">1494583</subfield>
    <subfield code="b">rcppa</subfield>
    <subfield code="t">0</subfield>
    <subfield code="h">BP193.25</subfield>
    <subfield code="i">.Q5543 1950</subfield>
    <subfield code="x">tr fr nec</subfield>
  </datafield>
  <datafield ind1="8" ind2="0" tag="852">
    <subfield code="0">3543160</subfield>
    <subfield code="b">rcppf</subfield>
    <subfield code="h">MICROFILM 02391</subfield>
    <subfield code="x">tr fr flm</subfield>
  </datafield>
  <datafield ind1=" " ind2=" " tag="959">
    <subfield code="a">2000-06-13 00:00:00 -0400</subfield>
  </datafield>
</record>
